%
% Journal Articles
%
@article{AdlerResendeVeigaKarmarkar89,
  author        = "Ilan Adler and Mauricio G.~C. Resende and Geraldo Veiga and
                   Narendra Karmarkar",
  title         = "An implementation of {K}armarkar's algorithm for linear
                   programming",
  journal       = "Mathematical Programming",
  year          = "1989",
  volume        = "44",
  pages         = "297--335",
}

@incollection{AndersenGondzioMeszarosXu,
  author        = "Erling D. Andersen and Jacek Gondzio and
                   Csaba M{\'e}sz{\'a}ros and Xiaojie Xu",
  title         = "Implementation of interior-point methods for large scale
                   linear programs",
  booktitle     = "Interior Point Methods of Mathematical Programming",
  editor        = "T. Terlaky",
  publisher     = "Kluwer Academic Publishers",
  year          = "1996",
  pages         = "189--252"
}

@article{AtkinsonVaidya,
  author        = "David S. Atkinson and Pravin M. Vaidya",
  title         = "A scaling technique for finding the weighted analytic center
                   of a polytope",
  journal       = "Mathematical Programming",
  year          = "1992",
  volume        = "57",
  pages         = "163--192",
}

@article{BayerLagarias,
  author        = "Dave A. Bayer and Jeffrey C. Lagarias",
  title         = "The nonlinear geometry of linear programming {I}. {A}ffine 
                   and projective scaling trajectories",
  journal       = "Transactions of the American Mathematical Society",
  year          = "1989",
  volume        = "314",
  number        = "2",
  pages         = "499--526",
}

@article{BergamaschiGondzioZilli,
  author        = "Luca Bergamaschi and Jacek Gondzio and Giovanni Zilli",
  title         = "Preconditioning indefinite systems in interior point methods
                   for optimization",
  journal       = "Computational Optimization and Applications",
  year          = "2004",
  volume        = "28",
  pages         = "149--171",
}

@techreport{BensonShanno,
  author        = "Hande Y. Benson and David F. Shanno",
  title         = "An exact primal-dual penalty method approach to warmstarting
                   interior-point methods for linear programming",
  year          = "2006",
  note          = "Accepted for publication in 
                   {\em Computational Optimization and Applications}",
}

@article{Birge85,
  author        = "John R. Birge",
  title         = "Decomposition and partitioning methods for multistage 
                   stochastic linear programs",
  journal       = "Operations Research",
  year          = "1985",
  volume        = "33",
  number        = "5",
  pages         = "989--1007",
}

@article{Bixby92,
  author        = "Robert E. Bixby",
  title         = "Implementing the simplex method: the initial basis",
  journal       = "ORSA Journal on Computing",
  year          = "1992",
  volume        = "4",
  pages         = "267--284",
}

@article{Bixby94,
  author        = "Robert E. Bixby",
  title         = "Progress in linear programming",
  journal       = "ORSA Journal on Computing",
  year          = "1994",
  volume        = "6",
  number        = "1",
  pages         = "15--22",
}

@article{Bixby02,
  author        = "Robert E. Bixby",
  title         = "Solving real-world linear programs: a decade and more of
                   progress",
  journal       = "Operations Research",
  year          = "2002",
  volume        = "50",
  number        = "1",
  pages         = "3--15",
} 

@article{sqp:Boggs,
  author =       "Paul T. Boggs and Jon W. Tolle",
  title =        "Sequential quadratic programming",
  journal =      "Acta Numerica",
  year =         "1995",
  volume =       "4",
  pages =        "1--51",
}

@article{ByrdHribarNocedal,
  author        = "Richard H. Byrd and Mary E. Hribar and Jorge Nocedal",
  title         = "An interior point algorithm for large-scale nonlinear
                   programming",
  journal       = "SIAM Journal on Optimization",
  year          = "1999",
  volume        = "9",
  number        = "4",
  pages         = "877--900",
}

@article{scp:CapraraToth,
  author =       "Alberto Caprara and Paolo Toth and Matteo Fischetti",
  title =        "Algorithms for the {S}et {C}overing {P}roblem",
  journal =      "Annals of Operations Research",
  year =         "2000",
  volume =       "98",
  pages =        "353--371",
}

@article{CarpenterLustigMulveyShanno,
  author        = "Tamra J. Carpenter and Irvin J. Lustig and John M. Mulvey
                   and David F. Shanno",
  title         = "Higher-order predictor-corrector interior point methods with
                   application to quadratic objectives",
  journal       = "SIAM Journal on Optimization",
  year          = "1993",
  volume        = "3",
  number        = "4",
  pages         = "696--725",
}

@techreport{Cartis04,
  author        = "Coralia Cartis",
  title         = "Some disadvantages of a {M}ehrotra-type primal-dual
                   corrector interior-point algorithm for linear programming",
  institution   = "Numerical Analysis Group, Computing Laboratory, Oxford
                   University",
  year          = "2004",
  number        = "NA-04/27",
  month         = "December",
}

@techreport{Cartis05,
  author        = "Coralia Cartis",
  title         = "On the convergence of a primal-dual second-order corrector
                   interior point algorithm for linear programming",
  institution   = "Numerical Analysis Group, Computing Laboratory, Oxford
                   University",
  year          = "2005",
  number        = "NA-05/04",
  month         = "March",
}

@techreport{CartisGould,
  author        = "Coralia Cartis and Nicholas I.~M. Gould",
  title         = "Finding a point in the relative interior of a polyhedron",
  institution   = "Numerical Analysis Group, Computing Laboratory, Oxford
                   University",
  year          = "2007",
  number        = "NA-07/01",
  month         = "February",
}

@article{Chvatal73,
  author =       "V\'aclav Chv\'atal",
  title =        "Edmonds polytopes and weakly {H}amiltonian graphs",
  journal =      "Mathematical Programming",
  year =         "1973",
  volume =       "5",
  pages =        "29--40",
}

@Masterthesis{hcp:Colombo03,
  author        = "Marco Colombo",
  title         = "A branch-and-cut approach to solve the {H}amiltonian 
                   {C}ycle {P}roblem",
  school        = "School of Mathematics, The University of Edinburgh",
  year          = "2003",
}

@techreport{ColomboGondzio05,
  author        = "Marco Colombo and Jacek Gondzio",
  title         = "Further development of multiple centrality correctors",
  institution   = "School of Mathematics, The University of Edinburgh",
  year          = "2005",
  type          = "Technical Report",
  number        = "MS-05-001",
  month         = "October",
  note          = "Accepted for publication in 
                   {\em Computational Optimization and Applications}",
}

@techreport{ColomboGondzioGrothey06,
  author        = "Marco Colombo and Jacek Gondzio and Andreas Grothey",
  title         = "A warm-start approach for large-scale stochastic linear
                   programs",
  institution   = "School of Mathematics, The University of Edinburgh",
  year          = "2006",
  type          = "Technical Report",
  number        = "MS-06-004",
  month         = "August",
}

@article{CurtisReid,
  author        = "Alan R. Curtis and John K. Reid",
  title         = "On the automatic scaling of matrices for {G}aussian
                   elimination",
  journal       = "Journal of the Institute of Mathematics and its
                   Applications",
  year          = "1972",
  volume        = "10",
  pages         = "118--124",
}

@article{ip:Dantzig60,
  author        = "George B. Dantzig",
  title         = "On the significance of solving linear programming problems
                   with some integer variables",
  journal       = "Econometrica",
  year          = "1960",
  volume        = "28",
  number        = "1",
  pages         = "30--44",
}

@article{Dantzig02,
  author        = "George B. Dantzig",
  title         = "Linear programming",
  journal       = "Operations Research",
  year          = "2002",
  volume        = "50",
  number        = "1",
  pages         = "42--47",
}

@article{DezaNematollahiPeyghamiTerlaky,
  author        = "Antoine Deza and Eissa Nematollahi and Reza Peyghami and
                   Tam{\'a}s Terlaky",
  title         = "The central path visits all the vertices of the
                   {K}lee-{M}inty cube",
  journal       = "Optimization Methods and Software",
  year          = "2006",
  volume        = "21",
  number        = "5",
  pages         = "851--865",
}

@article{DolanMore,
  author        = "Elizabeth D. Dolan and Jorge J. Mor{\'e}",
  title         = "Benchmarking optimization software with performance
                   profiles",
  journal       = "Mathematical Programming",
  year          = "2002",
  volume        = "91",
  pages         = "201--213",
}

@article{Dupacova,
  author        = "Jitka Dupa\v{c}ov{\'a} and Nicole Gr{\"o}we-Kuska and
                   Werner R{\"o}misch",
  title         = "Scenario reduction in stochastic programming",
  journal       = "Mathematical Programming",
  year          = "2003",
  volume        = "95",
  pages         = "493--511",
}

@article{DupacovaConsigliWallace,
  author        = "Jitka Dupa\v{c}ov{\'a} and Giorgio Consigli and
                   Stein W. Wallace",
  title         = "Scenarios for multistage stochastic programs",
  journal       = "Annals of Operations Research",
  year          = "2000",
  volume        = "100",
  pages         = "25--53",
}

@article{ElBakryTapiaZhang,
  author =       "Amr S. El-Bakry and Richard A. Tapia and Yin Zhang",
  title =        "A study of indicators for identifying zero variables in
		  interior-point methods",
  journal =      "SIAM Review",
  year =         "1994",
  volume =       "36",
  number =       "1",
  pages =        "45--72",
}

@incollection{lncs:Elf,
  author       = "Matthias Elf and Carsten Gutwenger and Michael J{\"u}nger and
                  Giovanni Rinaldi",
  title        = "Branch-and-cut algorithms for combinatorial optimization 
                  and their implementation in {ABACUS}",
  booktitle    = "Computational combinatorial optimization",
  publisher    = "Springer Verlag",
  address      = "Berlin",
  year         = "2001",
  editor       = "Michael Junger and Denis Naddef",
  volume       = "2241",
  series       = "Lecture Notes in Computer Science",
  pages        = "157--222",
}

@article{GoldfarbTodd82,
  author        = "Donald Goldfarb and Michael J. Todd",
  title         = "Modifications and implementation of the ellipsoid algorithm
                   for linear programming",
  journal       = "Mathematical Programming",
  year          = "1982",
  volume        = "23",
  pages         = "1--19",
}

@article{Gondzio93,
  author =       "Jacek Gondzio",
  title =        "Implementing {C}holesky factorization for interior point 
                  methods of linear programming",
  journal =      "Optimization",
  year =         "1993",
  volume =       "27",
  pages =        "121--140",
}

@article{Gondzio96,
  author     = "Jacek Gondzio",
  title      = "Multiple centrality corrections in a primal-dual method for 
                linear programming",
  journal    = "Computational Optimization and Applications",
  year       = "1996",
  volume     = "6",
  pages      = "137--156",
}

@article{Gondzio98,
  author     = "Jacek Gondzio",
  title      = "Warm start of the primal-dual method applied in the 
                cutting-plane scheme",
  journal    = "Mathematical Programming",
  year       = "1998",
  volume     = "83",
  pages      = "125--143",
}

@article{GondzioGrothey03,
  author     = "Jacek Gondzio and Andreas Grothey",
  title      = "Reoptimization with the primal-dual interior point method",
  journal    = "SIAM Journal on Optimization",
  year       = "2003",
  volume     = "13",
  number     = "3",
  pages      = "842--864",
}

@article{GondzioGrothey07,
  author        = "Jacek Gondzio and Andreas Grothey",
  title         = "Solving non-linear portfolio optimization problems with the
                   primal-dual interior point method",
  journal       = "European Journal of Operational Research",
  year          = "2007",
  volume        = "181",
  number        = "3",
  pages         = "1012--1029",
}

@techreport{GondzioGrothey06,
  author        = "Jacek Gondzio and Andreas Grothey",
  title         = "A new unblocking technique to warmstart interior point 
                   methods based on sensitivity analysis",
  institution   = "School of Mathematics, The University of Edinburgh",
  year          = "2006",
  type          = "Technical Report",
  number        = "MS-06-005",
  month         = "December",
}

@article{GondzioSarkissian,
  author        = "Jacek Gondzio and Robert Sarkissian",
  title         = "Parallel interior-point solver for structured linear
                   programs",
  journal       = "Mathematical Programming",
  year          = "2003",
  volume        = "96",
  pages         = "561--584",
}

@incollection{GondzioTerlaky,
  author        = "Jacek Gondzio and Tam\'as Terlaky",
  title         = "A computational view of interior point methods for linear
                   programming",
  booktitle     = "Advances in Linear and Integer Programming",
  publisher     = "Oxford University Press",
  year          = "1996",
  editor        = "J.~E. Beasley",
  chapter       = "3",
  pages         = "103--144",
  address       = "Oxford, England",
}

@article{GondzioVial,
  author     = "Jacek Gondzio and Jean-Philippe Vial",
  title      = "Warm start and $\varepsilon$-subgradients in a cutting plane 
                scheme for block-angular linear programs",
  journal    = "Computational Optimization and Applications",
  year       = "1999",
  volume     = "14",
  pages      = "17--36",
}

@article{Gonzaga91a,
  author     = "Clovis C. Gonzaga",
  title      = "Large step path-following methods for linear programming, 
                Part {I}: barrier function method",
  journal    = "SIAM Journal on Optimization",
  year       = "1991",
  volume     = "1",
  number     = "2",
  pages      = "268--279",
}

@article{Gonzaga91b,
  author     = "Clovis C. Gonzaga",
  title      = "Large step path-following methods for linear programming, 
                Part {II}: potential reduction method",
  journal    = "SIAM Journal on Optimization",
  year       = "1991",
  volume     = "1",
  number     = "2",
  pages      = "280--292",
}

@article{Gonzaga92,
  author        = "Clovis C. Gonzaga",
  title         = "Path-following methods for linear programming",
  journal       = "SIAM Review",
  year          = "1992",
  volume        = "34",
  number        = "2",
  pages         = "167--224",
}

@article{GonzagaCardia04,
  author        = "Clovis C. Gonzaga and Marli Cardia",
  title         = "Properties of the central points in linear programming
                   problems",
  journal       = "Numerical Algorithms",
  year          = "2004",
  volume        = "35",
  pages         = "185--204",
}

@article{GrotschelPadberg75,
  author =       "Martin Gr{\"o}tschel and Manfred W. Padberg",
  title =        "Partial linear characterizations of the asymmetric 
                  {T}ravelling {S}alesman polytope",
  journal =      "Mathematical Programming",
  year =         "1975",
  volume =       "8",
  pages =        "378--381",
}

@article{GrotschelPadberg79a,
  author =       "Martin Gr{\"o}tschel and Manfred W. Padberg",
  title =        "On the symmetric {T}ravelling {S}alesman {P}roblem {I}: 
                  inequalities",
  journal =      "Mathematical Programming",
  year =         "1979",
  volume =       "16",
  pages =        "265--280",
}

@article{GrotschelPadberg79b,
  author =       "Martin Gr{\"o}tschel and Manfred W. Padberg",
  title =        "On the symmetric {T}ravelling {S}alesman {P}roblem {II}: 
                  lifting theorems and facets",
  journal =      "Mathematical Programming",
  year =         "1979",
  volume =       "16",
  pages =        "281--302",
}

@article{GulerRoosTerlakyVial,
  author        = "Osman G{\"u}ler and Cornelis Roos and Tam\'as Terlaky and
                   Jean-Philippe Vial",
  title         = "A survey of the implications of the behavior of the central
                   path for the duality theory of linear programming",
  journal       = "Management Science",
  year          = "1995",
  volume        = "41",
  number        = "12",
  pages         = "1922--1934",
}

@article{Haeberly99,
  author  = "Jean-Pierre A. Haeberly and Madhu V. Nayakkankuppam and 
             Michael L. Overton",
  title   = "Extending {M}ehrotra and {G}ondzio higher order methods 
             to mixed semidefinite-quadratic-linear programming", 
  journal = "Optimization Methods and Software",
  year    = "1999",
  volume  = "11",
  number  = "2",
  pages   = "67--90"
} 

@article{HallMcKinnon05,
  author        = "Julian A.~J. Hall and Ken I.~M. McKinnon",
  title         = "Hyper-sparsity in the revised simplex method and how to
                   exploit it",
  journal       = "Computational Optimization and Applications",
  year          = "2005",
  volume        = "32",
  number        = "3",
  pages         = "259--283",
}

@article{HeitschRomisch,
  author        = "Holger Heitsch and Werner R{\"o}misch",
  title         = "Scenario reduction algorithms in stochastic programming",
  journal       = "Computational Optimization and Applications",
  year          = "2003",
  volume        = "24",
  pages         = "187--206",
}

@article{Hipolito,
  author        = "Alexander L. Hipolito",
  title         = "A weighted least squares study of robustness in interior
                   point linear programming",
  journal       = "Computational Optimization and Applications",
  year          = "1993",
  volume        = "2",
  pages         = "29--46",
}

@article{HoylandKautWallace,
  author        = "Kjetil H{\o}yland and Michal Kaut and Stein W. Wallace",
  title         = "A heuristic for moment-matching scenario generation",
  journal       = "Computational Optimization and Applications",
  year          = "2003",
  volume        = "24",
  number        = "2-3",
  pages         = "169--185",
}

@article{HoylandWallace,
  author        = "Kjetil H{\o}yland and Stein W. Wallace",
  title         = "Generating scenario trees for multistage decision problems",
  journal       = "Management Science",
  year          = "2001",
  volume        = "47",
  number        = "2",
  pages         = "295--307",
  month         = "February",
}

@phdthesis{phd:Jansen,
  author        = "Benjamin Jansen",
  title         = "Interior point techniques in optimization. Complementarity,
                   sensitivity and algorithms",
  school        = "Delft University of Technology",
  year          = "1995",
}

@article{JansenRoosTerlaky96,
  author        = "Benjamin Jansen and Cornelis Roos and Tam\'as Terlaky",
  title         = "Primal-dual target-following algorithms for linear
                   programming",
  journal       = "Annals of Operations Research",
  year          = "1996",
  volume        = "62",
  pages         = "197--231",
}

@article{JarreWechs,
  author     = "Florian Jarre and Martin Wechs",
  title      = "Extending {M}ehrotra's corrector for linear programs",
  journal    = "Advanced Modeling and Optimization",
  year       = "1999",
  volume     = "1",
  pages      = "38--60",
}

@article{ip:Jeroslow71,
  author =       "Robert G. Jeroslow",
  title =        "Comments on integer hulls of two linear constraints",
  journal =      "Operations Research",
  year =         "1971",
  volume =       "19",
  pages =        "1061--1069",
}

@article{KallMayer,
  author        = "Peter Kall and J{\'a}nos Mayer",
  title         = "Some insights into the solution algorithms for {SLP}
                   problems",
  journal       = "Annals of Operations Research",
  year          = "2006",
  volume        = "142",
  pages         = "147--164",
}

@article{Karmarkar,
  author        = "Narendra Karmarkar",
  title         = "A new polynomial-time algorithm for linear programming",
  journal       = "Combinatorica",
  year          = "1984",
  volume        = "4",
  pages         = "373--395",
}

@article{KarpPapadimitriou,
  author        = "Richard M. Karp and Christos H. Papadimitriou",
  title         = "On linear characterizations of combinatorial optimization
                   problems",
  journal       = "SIAM Journal on Computing",
  year          = "1982",
  volume        = "11",
  number        = "4",
  pages         = "620--632",
}

@incollection{KleeMinty,
  author        = "Victor Klee and George J. Minty",
  title         = "How good is the simplex algorithm?",
  booktitle     = "Inequalities -- III",
  publisher     = "Academic Press",
  year          = "1972",
  editor        = "O. Shisha",
  pages         = "159--175",
  address       = "New York",
}

@article{ip:KochenbergerGlover,
  author        = "Gary Kochenberger and Fred Glover and Bahram Alidaee and
                   Cesar Rego",
  title =        "A unified modeling and solution framework for combinatorial 
                  optimization problems",
  journal =      "OR Spectrum",
  year =         "2004",
  volume =       "26",
  number =       "2",
  pages =        "237--250",
  month =        mar,
}

@article{KojimaMegiddoMizuno,
  author     = "Masakazu Kojima and Nimrod Megiddo and Shinji Mizuno",
  title      = "A primal--dual infeasible-interior-point algorithm for linear 
                programming",
  journal    = "Mathematical Programming",
  year       = "1993",
  volume     = "61",
  pages      = "263--280",
}

@incollection{KojimaMizunoYoshise89,
  author        = "Masakazu Kojima and Shinji Mizuno and Akiko Yoshise",
  title         = "A primal-dual interior point algorithm for linear
                   programming",
  booktitle     = "Progress in Mathematical Programming: Interior-Point and
                   Related Methods",
  publisher     = "Springer-Verlag",
  year          = "1989",
  editor        = "N. Megiddo",
  chapter       = "2",
  pages         = "29--47",
  address       = "New York",
}

@article{KojimaMizunoYoshise89b,
  author        = "Masakazu Kojima and Shinji Mizuno and Akiko Yoshise",
  title         = "A polynomial-time algorithm for a class of linear
                   complementarity problems",
  journal       = "Mathematical Programming",
  year          = "1989",
  volume        = "44",
  pages         = "1--26",
}

@article{LinderothWright03,
  author        = "Jeff Linderoth and Stephen J. Wright",
  title         = "Decomposition algorithms for stochastic programming on a 
                   computational grid", 
  journal       = "Computational Optimization and Applications", 
  volume        = "24",
  year          = "2003",
  number        = "2/3",
  pages         = "207--250"
}

@article{Lustig91,
  author        = "Irvin J. Lustig",
  title         = "Feasibility issues in a primal--dual interior-point method
                   for linear programming",
  journal       = "Mathematical Programming",
  year          = "1991",
  volume        = "49",
  pages         = "145--162",
}

@article{LustigMarstenShanno,
  author        = "Irvin J. Lustig and Roy E. Marsten and David F. Shanno",
  title         = "On implementing {M}ehrotra's predictor--corrector
                   interior-point method for linear programming",
  journal       = "SIAM Journal on Optimization",
  year          = "1992",
  volume        = "2",
  number        = "3",
  pages         = "435--449",
}

@article{LustigMarstenShanno94,
  author        = "Irvin J. Lustig and Roy E. Marsten and David F. Shanno",
  title         = "Interior point methods for linear programming: computational
                   state of the art",
  journal       = "ORSA Journal on Computing",
  year          = "1994",
  volume        = "6",
  number        = "1",
  pages         = "1--14",
}

@article{LustigMarstenShanno94b,
  author        = "Irvin J. Lustig and Roy E. Marsten and David F. Shanno",
  title         = "Computational experience with a globally convergent
                   primal--dual predictor--corrector algorithm for linear
                   programming",
  journal       = "Mathematical Programming",
  year          = "1994",
  volume        = "66",
  pages         = "123-135",
}

@article{MarosMeszaros,
  author        = "Istv{\'a}n Maros and Csaba M{\'e}sz{\'a}ros",
  title         = "The role of the augmented system in interior point methods",
  journal       = "European Journal of Operational Research",
  year          = "1998",
  volume        = "107",
  pages         = "720--736",
}

@article{McShaneMonmaShanno89,
  author        = "Kevin A. McShane and Clyde L. Monma and David F. Shanno",
  title         = "An implementation of a primal--dual interior point method
                   for linear programming",
  journal       = "ORSA Journal on Computing",
  year          = "1989",
  volume        = "1",
  number        = "2",
  pages         = "70--83",
}

@incollection{Megiddo,
  author       = "Nimrod Megiddo",
  title        = "Pathways to the optimal set in linear programming",
  booktitle    = "Progress in Mathematical Programming: Interior-Point and
                  Related Methods",
  publisher    = "Springer-Verlag",
  year         = "1989",
  editor       = "N. Megiddo",
  chapter      = "8",
  pages        = "131--158",
  address      = "New York",
}

@article{Megiddo91,
  author        = "Nimrod Megiddo",
  title         = "On finding primal- and dual-optimal bases",
  journal       = "ORSA Journal on Computing",
  year          = "1991",
  volume        = "3",
  number        = "1",
  pages         = "63--65",
}

@article{Mehrotra92,
  author     = "Sanjay Mehrotra",
  title      = "On the implementation of a primal-dual interior point 
                method",
  journal    = "SIAM Journal on Optimization",
  year       = "1992",
  volume     = "2",
  number     = "4",
  pages      = "575--601",
}

@article{Mehrotra96,
  author        = "Sanjay Mehrotra",
  title         = "Asymptotic convergence in a generalized predictor--corrector
                   method",
  journal       = "Mathematical Programming",
  year          = "1996",
  volume        = "74",
  pages         = "11--28",
}

@article{MehrotraLi,
  author     = "Sanjay Mehrotra and Zhifeng Li",
  title      = "Convergence conditions and {K}rylov subspace-based
                corrections for primal-dual interior-point method",
  journal    = "SIAM Journal on Optimization",
  year       = "2005",
  volume     = "15",
  number     = "3",
  pages      = "635--653",
}

@phdthesis{phd:Mitchell,
  author     = "John E. Mitchell",
  title      = "Karmakar's algorithm and combinatorial optimization problems",
  year       = "1988",
  school     = "Cornell University",
}

@incollection{Mitchell96,
  author        = "John E. Mitchell",
  title         = "Interior point algorithms for integer programming",
  booktitle     = "Advances in Linear and Integer Programming",
  publisher     = "Oxford University Press",
  year          = "1996",
  editor        = "J.~E. Beasley",
  chapter       = "6",
  pages         = "223--248",
  address       = "Oxford, England",
}

@article{Mitchell97,
  author        = "John E. Mitchell",
  title         = "Fixing variables and generating classical cutting planes
                   when using an interior point branch and cut method to solve
                   integer programming problems",
  journal       = "European Journal of Operational Research",
  year          = "1997",
  volume        = "97",
  pages         = "139--148",
}

@article{Mitchell00,
  author     = "John E. Mitchell",
  title      = "Computational experience with an interior point cutting plane 
                algorithm",
  journal    = "SIAM Journal on Optimization",
  year       = "2000",
  volume     = "10",
  number     = "4",
  pages      = "1212--1227",
}

@incollection{MitchellPardalosResende98,
  author        = "John E. Mitchell and Panos M. Pardalos and
                   Mauricio G.~C. Resende",
  title         = "Interior point for combinatorial optimization",
  booktitle     = "Handbook of combinatorial optimization",
  publisher     = "Kluwer Academic Publishers",
  year          = "1998",
  editor        = "D.-Z. Du and P.~M. Pardalos",
  volume        = "1",
  pages         = "189--298",
}

@article{MitchellTodd,
  author       = "John E. Mitchell and Michael J. Todd",
  title        = "Solving combinatorial optimization problems using 
                  {K}armarkar's algorithm",
  journal      = "Mathematical Programming",
  volume       = "56",
  year         = "1992",
  pages        = "245--284",
}

@article{MizunoToddYe,
  author        = "Shinji Mizuno and Michael J. Todd and Yinyu Ye",
  title         = "On adaptive step primal-dual interior-point algorithms for
                   linear programming",
  journal       = "Mathematics of Operations Research",
  year          = "1993",
  volume        = "18",
  pages         = "964--981",
}

@article{MonteiroAdler89a,
  author     = "Renato D.~C. Monteiro and Ilan Adler",
  title      = "Interior path following primal--dual algorithms. {P}art {I}: 
                linear programming",
  journal    = "Mathematical Programming",
  year       = "1989",
  volume     = "44",
  pages      = "27--41",
}

@article{MonteiroAdlerResende90,
  author        = "Renato D.~C. Monteiro and Ilan Adler and
                   Mauricio G.~C. Resende",
  title         = "A polynomial-time primal-dual affine scaling algorithm for
                   linear and convex quadratic programming and its power series
                   extension",
  journal       = "Mathematics of Operations Research",
  year          = "1990",
  volume        = "15",
  number        = "2",
  pages         = "191--214",
}

@article{MulveyRuszczynski,
  author        = "John M. Mulvey and A. Ruszczy\'{n}ski",
  title         = "A new scenario decomposition method for large-scale
                   stochastic optimization",
  year          = "1995",
  journal       = "Operations Research",
  volume        = "43",
  number        = "3",
  pages         = "477--490"
}

@techreport{NocedalWachterWaltz,
  author        = "Jorge Nocedal and Andreas W{\"a}chter and Richard A. Waltz",
  title         = "Adaptive barrier strategies for nonlinear interior methods",
  institution   = "IBM T. J. Watson Research Center",
  year          = "2005",
  type          = "Research Report",
  number        = "RC 23563",
  address       = "Yorktown, NY, USA",
}

@article{OliveiraSorensen05,
  author        = "Aurelio R.~L. Oliveira and Danny C. Sorensen",
  title         = "A new class of preconditioners for large-scale linear
                   systems from interior point methods for linear programming",
  journal       = "Linear Algebra and its Applications",
  year          = "2005",
  volume        = "394",
  pages         = "1--24",
}

@Techreport{tsp:OrmanWilliams99,
  author =       "Alex J. Orman and H. Paul Williams",
  title =        "A survey of different integer programming formulations 
                  of the {T}ravelling {S}alesman {P}roblem",
  institution =  "University of Southampton, Faculty of Mathematical Studies",
  year =         "1999",
  month =        sep,
  number =       "OR101",
}

@Techreport{tsp:OrmanWilliams04,
  author        = "Alex J. Orman and H. Paul Williams",
  title         = "A survey of different integer programming formulations of
                   the {T}ravelling {S}alesman {P}roblem", 
  institution   = "London School of Economics and Political Science, Department
                   of Operational Research",
  year          = "2004",
  month         = may,
  number        = "LSEOR 04.67",
}

@article{Ouorou,
  author        = "Adam Ouorou",
  title         = "Robust capacity assignment in telecommunications",
  journal       = "Computational Management Science",
  year          = "2006",
  volume        = "3",
  pages         = "285--305",
}

@article{PardalosSchnitger,
  author        = "Panos M. Pardalos and Georg Schnitger",
  title         = "Checking local optimality in constrained quadratic
                   programming is {NP}-hard",
  journal       = "Operations Research Letters",
  year          = "1988",
  volume        = "7",
  number        = "1",
  pages         = "33--35",
}

@article{PardalosVavasis,
  author =       "Panos M. Pardalos and Stephen A. Vavasis",
  title =        "Quadratic programming with one negative eigenvalue is 
                  {NP}-hard",
  journal =      "Journal of Global Optimization",
  year =         "1991",
  volume =       "1",
  pages =        "15--22",
}

@article{Pataki,
  author =       "G\'abor Pataki",
  title =        "Teaching integer programming formulations using the 
                  {T}raveling {S}alesman {P}roblem",
  journal =      "SIAM Review",
  year =         "2003",
  volume =       "45",
  number =       "1",
  pages =        "116--123",
}

@article{Pflug01,
  author        = "George Ch. Pflug",
  title         = "Scenario tree generation for multiperiod financial 
                   optimization by optimal discretization",
  journal       = "Mathematical Programming",
  year          = "2001",
  volume        = "89",
  number        = "2",
  pages         = "251--271",
}

@article{PflugHalada03,
  author        = "Georg Ch. Pflug and Ladislav Halada",
  title         = "A note on the recursive and parallel structure of the
                   {B}irge and {Q}i factorization for tree structured linear
                   programs",
  journal       = "Computational Optimization and Applications",
  year          = "2003",
  volume        = "24",
  pages         = "251--265",
}

@article{PhamLeThi,
  author        = "Pham Dinh Tao and Le Thi Hoai An",
  title         = "A {D.C.} optimization algorithm for solving the trust-region
                   subproblem",
  journal       = "SIAM Journal on Optimization",
  year          = "1998",
  volume        = "8",
  number        = "2",
  pages         = "476--505",
}

@article{Polyak07,
  author        = "Boris T. Polyak",
  title         = "Newton's method and its use in optimization",
  journal       = "European Journal of Operational Research",
  year          = "2007",
  volume        = "181",
  number        = "3",
  pages         = "1086--1096",
}

@article{PotraWright00,
  author        = "Florian A. Potra and Stephen J. Wright",
  title         = "Interior-point methods",
  journal       = "Journal of Computational and Applied Mathematics",
  year          = "2000",
  volume        = "124",
  number        = "1--2",
  pages         = "281--302",
}

@article{Raghavachari,
  author =       "M. Raghavachari",
  title =        "On connections between zero-one integer programming 
                  and concave programming under linear constraints",
  journal =      "Operations Research",
  year =         "1969",
  volume =       "17",
  pages =        "680--684",
}

@article{RockafellarWets91,
  author        = "R. Tyrrell Rockafellar and Roger J.-B. Wets",
  title         = "Scenarios and policy aggregation in optimization under
                   uncertainty",
  journal       = "Mathematics of Operations Research",
  year          = "1991",
  volume        = "16",
  number        = "1",
  pages         = "119--147",
}

@article{Roos06,
  author        = "Cornelis Roos",
  title         = "A full-newton step $O(n)$ infeasible interior-point
                   algorithm for linear optimization",
  journal       = "SIAM Journal on Optimization",
  year          = "2006",
  volume        = "16",
  number        = "4",
  pages         = "1110-1136",
}

@article{RothbergHendrickson,
  author        = "Edward Rothberg and Bruce Hendrickson",
  title         = "Sparse matrix ordering methods for interior point linear
                   programming",
  journal       = "INFORMS Journal on Computing",
  year          = "1998",
  volume        = "10",
  number        = "1",
  pages         = "107--113",
}

@techreport{SalahiPengTerlaky,
  author        = "Maziar Salahi and Jiming Peng and Tam\'as Terlaky",
  title         = "On {M}ehrotra-type predictor-corrector algorithms",
  institution   = "McMaster University",
  year          = "2005",
  type          = "AdvOl Report",
  number        = "2005/4",
}

@article{Shamir87,
  author        = "Ron Shamir",
  title         = "The efficiency of the simplex method: a survey",
  journal       = "Management Science",
  year          = "1987",
  volume        = "33",
  number        = "3",
  pages         = "301--334",
}

@incollection{Sonnevend86,
  author        = "Gy{\"o}rgy Sonnevend",
  title         = "An ``analytical centre'' for polyhedrons and new classes
                   of global algorithms for linear (smooth, convex)
                   programming",
  booktitle     = "System Modelling and Optimization",
  publisher     = "Springer",
  year          = "1986",
  volume        = "84",
  series        = "Lecture Notes in Control and Information Sciences",
  pages         = "866--875",
  address       = "Berlin",
}

@article{TapiaZhangSaltzmanWeiser,
  author     = "Richard Tapia and Yin Zhang and Matthew Saltzman and 
                Alan Weiser",
  title      = "The {M}ehrotra predictor-corrector interior-point method as a
	        perturbed composite {N}ewton method",
  journal    = "SIAM Journal on Optimization",
  year       = "1996",
  volume     = "6",
  number     = "1",
  pages      = "47--56",
}

@article{TapiaZhangYe95,
  author        = "Richard A. Tapia and Yin Zhang and Yinyu Ye",
  title         = "On the convergence of the iteration sequence in primal-dual
                   interior-point algorithms",
  journal       = "Mathematical Programming",
  year          = "1995",
  volume        = "68",
  pages         = "141--154",
}

@article{Todd94,
  author        = "Michael J. Todd",
  title         = "Theory and practice for interior-point methods",
  journal       = "ORSA Journal on Computing",
  year          = "1994",
  volume        = "6",
  number        = "1",
  pages         = "28--31",
}

@article{Todd??,
  author        = "Michael J. Todd",
  title         = "Dual versus primal-dual interior-point methods for linear
                   and conic programming",
  journal       = "Mathematical Programming",
  year          = "???",
  volume        = "??",
  number        = "??",
  pages         = "??",
  note          = "Published online"
}

@article{ToddYe90,
  author        = "Michael J. Todd and Yinyu Ye",
  title         = "A centered projective algorithm for linear programming",
  journal       = "Mathematics of Operations Research",
  year          = "1990",
  volume        = "15",
  number        = "3",
  pages         = "508--529",
}

@article{Vanderbei94,
  author        = "Robert J. Vanderbei",
  title         = "Interior-point methods: algorithms and formulations",
  journal       = "ORSA Journal on Computing",
  year          = "1994",
  volume        = "6",
  number        = "1",
  pages         = "32--34",
}

@article{VavasisYe,
  author     = "Stephen A. Vavasis and Yinyu Ye",
  title      = "A primal--dual interior point method whose running time 
                depends only on the constraint matrix",
  journal    = "Mathematical Programming",
  year       = "1996",
  volume     = "74",
  number     = "1",
  pages      = "79--120",
}

@article{VeinottDantzig,
  author =       "Arthur F. Veinott and George B. Dantzig",
  title =        "Integral extreme points",
  journal =      "SIAM Review",
  year =         "1968",
  volume =       "10",
  number =       "3",
  pages =        "371--372",
}

@article{VillasBoasPerin,
  author     = "Fernando R. Villas-B\^oas and Clovis Perin",
  title      = "Postponing the choice of penalty parameter and step length",
  journal    = "Computational Optimization and Applications",
  year       = "2003",
  volume     = "24",
  pages      = "63--81",
}

@article{Wolsey75,
  author =       "Laurence A. Wolsey",
  title =        "Faces for a linear inequality in 0--1 variables",
  journal =      "Mathematical Programming",
  year =         "1975",
  volume =       "8",
  pages =        "165--178",
}

@incollection{lncs:Woeginger,
  author       = "Gerhard J. Woeginger",
  title        = "Exact algorithms for {NP}-{H}ard problems: a survey",
  booktitle    = "Combinatorial optimization --- {E}ureka, you shrink!",
  publisher    = "Springer Verlag",
  address      = "Berlin",
  year         = "2003",
  editor       = "Michael Junger and Gerhard Reinelt and Giovanni Rinaldi",
  volume       = "2570",
  series       = "Lecture Notes in Computer Science",
  pages        = "185--207",
}

@incollection{MWright92,
  author        = "Margaret H. Wright",
  title         = "Interior methods for constrained optimization",
  booktitle     = "Acta Numerica 1992",
  publisher     = "Cambridge University Press",
  year          = "1992",
  pages         = "341--407",
}

@article{Wright94,
  author        = "Stephen E. Wright",
  title         = "Primal-dual aggregation and disaggregation for stochastic
                   linear programs",
  journal       = "Mathematics of Operations Research",
  year          = "1994",
  volume        = "19",
  number        = "4",
  pages         = "893--908",
}

@techreport{JohnYildirim,
  author        = "Elizabeth John and E. Alper Y{\i}ld{\i}r{\i}m",
  title         = "Implementation of warm-start strategies in interior-point
                   methods for linear programming in fixed dimensions",
  institution   = "Department of Industrial Engineering, Bilkent University,
                   Turkey", 
  year          = "2006",
  month         = "May",
  note          = "Accepted for publication in 
                   {\em Computational Optimization and Applications}",
}

@article{YeToddMizuno94,
  author =       "Yinyu Ye and Michael J. Todd and Shinji Mizuno",
  title =        "An ${O}(\sqrt{n}{L})$-iteration homogeneous and self-dual
                  linear programming algorithm",
  journal =      "Mathematics of Operations Research",
  year =         "1994",
  volume =       "19",
  pages =        "53--67",
}

@article{YildirimTodd01,
  author        = "E. Alper Yildirim and Michael J. Todd",
  title         = "Sensitivity analysis in linear programming and semidefinite
                   programming using interior-point methods",
  journal       = "Mathematical Programming",
  year          = "2001",
  volume        = "90",
  number        = "2",
  pages         = "229--261",
}

@article{YildirimWright,
  author =       "E. Alper Y{\i}ld{\i}r{\i}m and Stephen J. Wright",
  title =        "Warm-start strategies in interior-point methods for linear
                  programming ",
  journal =      "SIAM Journal on Optimization",
  year =         "2002",
  volume =       "12",
  number =       "3",
  pages =        "782--810",
}

@article{Zenios89,
  author        = "Stavros A. Zenios",
  title         = "Parallel numerical optimization: current status and an
                   annotated bibliography",
  journal       = "ORSA Journal on Computing",
  year          = "1989",
  volume        = "1",
  number        = "1",
  pages         = "20--43",
}

@article{Zhang94,
  author        = "Yin Zhang",
  title         = "On the convergence of a class of infeasible interior-point
                   methods for the horizontal linear complementarity problem",
  journal       = "SIAM Journal on Optimization",
  year          = "1994",
  volume        = "4",
  number        = "1",
  pages         = "208--227",
}

@article{ZhangZhang95,
  author        = "Yin Zhang and Detong Zhang",
  title         = "On polynomiality of the {M}ehrotra-type predictor--corrector
                   interior-point algorithms",
  journal       = "Mathematical Programming",
  year          = "1995",
  volume        = "68",
  pages         = "303--318",
}

%
% Technical Reports and Working Papers
%

@techreport{FilarGondzio03, 
  author =      "Jerzy A. Filar and Jacek Gondzio and Vladimir Ejov",
  title =       "An interior point heuristic for the {H}amiltonian {C}ycle 
                 {P}roblem via {M}arkov decision processes",
  institution = "University of South Australia",
  year =        "2003",
  month =       apr,
}

%
% Books
%

@Book{BangJensenGutin01,
  author =       "J{\o}rgen Bang-Jensen and Gregory Gutin",
  title =        "Digraphs: theory, algorithms and applications",
  publisher =    "Springer",
  address =      "London",
  year =         "2001",
}

@Book{graphs:Berge62,
  author =       "Claude Berge",
  title =        "The theory of graphs and its applications",
  publisher =    "Methuen",
  address =      "London",
  year =         "1962",
}

@Book{BirgeLouveaux,
  author =       "John R. Birge and Fran\c{c}ois Louveaux",
  title =        "Introduction to stochastic programming",
  publisher =    "Springer Series in Operations Research",
  year =         "1997",
  address =      "New York",
}

@book{lp:Chvatal,
  author        = "Va\v{s}ek Chv{\'a}tal",
  title         = "Linear programming",
  publisher     = "W.~H. Freeman and Company",
  year          = "1983",
  address       = "New York",
}

@Book{CormenLeiserson,
  author =       "Thomas H. Cormen and Charles E. Leiserson and Ronald L. 
                  Rivest and Clifford Stein",
  title =        "Introduction to algorithms",
  publisher =    "MIT Press",
  address =      "Cambridge, Mass.",
  year =         "2001",
}

@Book{Dantzig63,
  author     = "George B. Dantzig",
  title      = "Linear Programming and Extensions",
  publisher  = "Princeton University Press",
  address    = "Princeton, New Jersey",
  year       = "1963",
}

@Book{DuffErismanReid86,
  author     = "Iain S. Duff and Albert M. Erisman and John K. Reid",
  title      = "Direct methods for sparse matrices",
  publisher  = "Clarendon Press",
  address    = "Oxford",
  year       = "1986",
}

@book{FangPuthenpura93,
  author        = "Shu-Cherng Fang and Sarat Puthenpura",
  title         = "Linear optimization and extensions: theory and algorithms",
  publisher     = "Prentice Hall",
  address       = "Englewood Cliffs, New Jersey",
  year          = "1993",
}

@book{Fletcher,
  author        = "Roger Fletcher",
  title         = "Practical methods of optimization",
  publisher     = "John Wiley and Sons",
  year          = "1987",
  address       = "Chichester",
  edition       = "2nd",
}

@Book{GarfinkelNemhauser72,
  author =       "Robert S. Garfinkel and George L. Nemhauser",
  title =        "Integer programming",
  publisher =    "John Wiley and Sons",
  address =      "New York",
  year =         "1972",
}

@Book{graphs:Gibbons85,
  author =       "Alan Gibbons",
  title =        "Algorithmic graph theory",
  publisher =    "Cambridge University Press",
  address =      "Cambridge",
  year =         "1985",
}

@Book{GoodrichTamassia,
  author =       "Michael T. Goodrich and Roberto Tamassia",
  title =        "Algorithm design",
  publisher =    "John Wiley and Sons",
  address =      "New York",
  year =         "2002",
}

@Book{HillierLieberman,
  author =       "Frederick S. Hillier and Gerald J. Lieberman",
  title =        "Introduction to operations research",
  publisher =    "McGraw--Hill",
  address =      "New York",
  year =         "2001",
  edition =      "7th",
}

@Book{ip:Hu69,
  author =       "Te C. Hu",
  title =        "Integer programming and network flows",
  publisher =    "Addison-Wesley",
  address =      "Reading, Mass.",
  year =         "1969",
}

@Book{ip:NemhauserWolsey88,
  author =       "George L. Nemhauser and Laurence A. Wolsey",
  title =        "Integer and combinatorial optimization",
  publisher =    "John Wiley and Sons",
  address =      "New York",
  year =         "1988",
}

@Book{KallWallace,
  author =       "Peter Kall and Stein W. Wallace",
  title =        "Stochastic programming",
  publisher =    "John Wiley and Sons",
  address =      "New York",
  year =         "1994",
}

@book{OrtegaRheinboldt,
  author        = "James M. Ortega and Werner C. Rheinboldt",
  title         = "Iterative solution of nonlinear equations in several
                   variables",
  publisher     = "Academic Press",
  year          = "1970",
  address       = "New York",
}

@Book{co:PapadimitriouSteiglitz,
  author =       "Christos H. Papadimitriou and Kenneth Steiglitz",
  title =        "Combinatorial optimization",
  publisher =    "Prentice-Hall",
  address =      "Englewood Cliffs, New Jersey",
  year =         "1982",
}

@Book{Polimeni,
  author =       "Albert D. Polimeni and H. J. Straight",
  title =        "Foundations of discrete mathematics",
  publisher =    "Brooks/Cole",
  address =      "Pacific Grove",
  year =         "1990",
  edition =      "2nd",
}

@book{RoosTerlakyVial,
  author        = "Cornelis Roos and Tam\'as Terlaky and Jean-Philippe Vial",
  title         = "Interior point methods for linear optimization",
  publisher     = "Springer",
  address       = "New York",
  year          = "2006",
  edition       = "2nd",
}

@Book{Schrijver86,
  author =       "Alexander Schrijver",
  title =        "Theory of linear and integer programming",
  publisher =    "John Wiley and Sons",
  address =      "New York",
  year =         "1986",
}

@book{Terlaky96,
  title         = "Interior point methods of mathematical programming",
  publisher     = "Kluwer Academic Publishers",
  year          = "1996",
  editor        = "Tam\'as Terlaky",
}

@Book{Vavasis91,
  author     = "Stephen A. Vavasis",
  title      = "Nonlinear optimization: complexity issues",
  publisher  = "Oxford University Press",
  address    = "New York, Oxford",
  year       = "1991",
}

@Book{ip:Wolsey98,
  author =       "Laurence A. Wolsey",
  title =        "Integer programming",
  publisher =    "John Wiley and Sons",
  address =      "New York",
  year =         "1998",
}

@Book{ipm:Wright97,
  author =       "Stephen J. Wright",
  title =        "Primal-dual interior-point methods",
  publisher =    "SIAM",
  address =      "Philadelphia",
  year =         "1997",
}

@book{Ye97,
  author        = "Yinyu Ye",
  title         = "Interior-point algorithm: theory and analysis",
  publisher     = "John Wiley and Sons",
  year          = "1997",
  address       = "New York",
}

@Book{ip:Zionts74,
  author =       "Stanley Zionts",
  title =        "Linear and integer programming",
  publisher =    "Prentice-Hall",
  address =      "Englewood Cliffs, New Jersey",
  year =         "1974",
}

%
% Software
%

@article{HOPDM,
  author        = "Jacek Gondzio",
  title         = "{HOPDM} (version 2.12) -- {A} Fast {LP} Solver Based on a
                   Primal-Dual Interior Point Method",
  journal       = "European Journal of Operational Research",
  year          = "1995",
  volume        = "85",
  pages         = "221--225",
}

@techreport{PCx,
  author        = "Joe Czyzyk and Sanjay Mehrotra and Steve Wright",
  title         = "{PC}x User Guide",
  institution   = "Optimization Technology Center",
  year          = "1996",
  type          = "Technical Report",
  number        = "OTC 96/01",
  month         = "May",
}

@article{SMPS,
  author        = "John R. Birge and Michael A.~H. Dempster and
                   Horand I. Gassmann and Eldon A. Gunn and Alan J. King and
                   Stein W. Wallace",
  title         = "A standard input format for multiperiod stochastic linear
                   programs",
  journal       = "Committee on Algorithms Newsletter",
  year          = "1987",
  volume        = "17",
  pages         = "1--19",
}
